@phdthesis{suleimenova2020predicting,
  title={Predicting forced displacement using a generalised and automated agent-based simulation},
  author={Suleimenova, Diana},
  year=2020,
  school={Brunel University London}
}

@inproceedings{hebert2017agent,
  title={An agent-based model to identify migration pathways of refugees: the case of Syria},
  author={H{\'e}bert, Guillaume Arnoux and Perez, Liliana and Harati, Saeed},
  booktitle={Agent-Based Models and Complexity Science in the Age of Geospatial Big Data: Selected Papers from a workshop on Agent-Based Models and Complexity Science (GIScience 2016)},
  pages={45--58},
  year={2017},
  organization={Springer}
}

@article{Gutierrez2012,
  title={Teoría de la Migración Colectiva como Explicación al Desplazamiento Forzado en Colombia},
  author={Gutiérrez, Diego},
  year={2012},
  journal={Econografos Escuela de Economía No. 16},
  doi={10.2139/ssrn.2194565},
  url={https://ssrn.com/abstract=2194565}
}

@mastersthesis{tovar2023modelacion,
  title={Modelaci{\'o}n del problema del empleo y desempleo en el {\'a}mbito rural, involucrando din{\'a}mica de sistemas y la integraci{\'o}n con simulaci{\'o}n basada en agentes},
  author={Tovar, Paola Andrea Tovar},
  year={2023},
  school={Universidad Distrital Francisco Jos{\'e} de Caldas (Colombia)}
}

@article{santacoloma2015importancia,
  title={Importancia de la econom{\'\i}a campesina en los contextos contempor{\'a}neos: una mirada al caso colombiano},
  author={Santacoloma-Var{\'o}n, Luz Elena},
  journal={Entramado},
  volume={11},
  number={2},
  pages={38--50},
  year={2015},
  publisher={Universidad Libre, Cali, Colombia}
}

@article{perez2016impacto,
  title={Impacto econ{\'o}mico de la violencia armada sobre la producci{\'o}n campesina, caso municipios zona de distensi{\'o}n departamento del Meta, Colombia (1991-2014)},
  author={P{\'e}rez, Camilo Pacheco},
  journal={Lebret},
  number={8},
  pages={93--123},
  year={2016},
  publisher={Universidad Santo Tom{\'a}s Bucaramanga}
}

@misc{EVA2020,
  author    = "{Departamento Nacional de Planeación de Colombia}",
  title     = "{Evaluación de Valoración Ambiental (EVA) 2020}",
  year      = {2020},
  url       = {https://devx.meta.gov.co/media/centrodocumentacion/2022/05/16/EVA_2020.pdf}
}

@misc{CifrasSectoriales2021,
  author    = "{Ministerio de Agricultura y Desarrollo Rural de Colombia}",
  title     = "{Cifras Sectoriales del Aguacate}",
  year      = {2021},
  url       = {https://sioc.minagricultura.gov.co/Aguacate/Documentos/2021-03-31%20Cifras%20Sectoriales.pdf},
  note      = {Accessed: 2025-03-27}
}

@misc{Finagro2022,
  author    = "{FINAGRO}",
  title     = "{Aguacate Hass en Colombia}",
  year      = {2022},
  url       = {https://www.finagro.com.co/sites/default/files/2022-05/aguacate_hass.pdf},
  note      = {Accessed: 2025-03-27}
}

@misc{groen_flee_2023,
  author       = {Groen, Derek and others},
  title        = {FLEE: A Flexible Large-Scale Agent-Based Simulation Framework for Modeling Refugee Movements},
  year         = {2025},
  howpublished = {\url{https://github.com/djgroen/flee}},
  note         = {Accessed: 2025-03-30}
}

@misc{groen_fabsim3_2023,
  author       = {Groen, Derek and others},
  title        = {FabSim3: Automation Toolkit for Computational Research},
  year         = {2025},
  howpublished = {\url{https://fabsim3.readthedocs.io/en/latest/}},
  note         = {Accessed: 2025-03-30}
}

@misc{Visualflee,
  author       = {Suleimenova, Diana and contributors},
  title        = {Visualflee: Visualization of Refugee Movements and Population Dynamics},
  year         = {2019},
  howpublished = {\url{https://github.com/cspgdds/Visualflee}},
  note         = {Accessed: 2025-04-05}
}


@misc{ eswiki:166396423,
       author = "Wikipedia",
       title = "Meta (Colombia) --- Wikipedia{,} La enciclopedia libre",
       year = "2025",
       url = "\url{https://es.wikipedia.org/w/index.php?title=Meta_(Colombia)&oldid=166396423}",
       note = "[Internet; descargado 26-marzo-2025]"
}

@article{farodiroma_choco_2025,
  author       = {{FarodiRoma Editorial Team}},
  title        = {Colombia. Chocó sigue sufriendo la pandemia de la violencia, el abandono estatal y la corrupción},
  journal      = {FarodiRoma},
  year         = {2025},
  url          = {https://www.farodiroma.it/colombia-choco-sigue-sufriendo-la-pandemia-de-la-violencia-el-abandono-estatal-y-la-corrupcion/},
  note         = {Accessed: 2025-04-05}
}

