@misc{elempleo_campesinos_2023,
  author       = "{elempleo.com}",
  title        = "Campesinos en Colombia",
  year         = 2023,
  url          = "https://cmsresources.elempleo.com/co/assets/backend/styles/770x513/public/2023-06/campesinos%20(1).jpg",
  note         = "Imagen obtenida de {elempleo.com}",
  howpublished = "Online"
}


@misc{vozdeamerica_desplazamiento_2024,
  author       = "{Voz de América}",
  title        = "Grupos armados en Colombia y el desplazamiento forzado",
  year         = 2024,
  url          = "https://gdb.voanews.com/01000000-c0a8-0242-1dfd-08dbec6fc1c4_w1080_h608_s.jpg",
  note         = "Imagen obtenida de {Voz de América}",
  howpublished = "Online"
}

@misc{unidadvictimas_observatorio_2023,
  author       = "{Unidad para las Víctimas}",
  title        = "Observatorio de Víctimas en Colombia",
  year         = 2023,
  url          = "https://www.unidadvictimas.gov.co/wp-content/uploads/2023/05/observatorio_0.jpg",
  note         = "Imagen obtenida de {Unidad para las Víctimas}",
  howpublished = "Online"
}

@misc{culturarecreacion_campesinos_2025,
  author       = "{Cultura, Recreación y Deporte}",
  title        = "Campesinos en Colombia",
  year         = 2025,
  url          = "https://www.culturarecreacionydeporte.gov.co/sites/default/files/images/campesinos.jpg",
  note         = "Imagen obtenida de {Cultura, Recreación y Deporte}",
  howpublished = "Online"
}

@misc{cuestionpublica_entrega_2019,
  author       = "{Cuestión Pública}",
  title        = "Entrega de mercados en Juan José",
  year         = 2019,
  url          = "https://cuestionpublica.com/wp-content/uploads/2019/09/8.Entrega-mercados-Juan-Jose%CC%81-4_Cre%CC%81dito-Bu%CC%88ncker.jpg",
  note         = "Imagen obtenida de {Cuestión Pública}",
  howpublished = "Online"
}

@online{unidadvictimas_ruv_2025,
  author       = "{Unidad para las Víctimas}",
  title        = "Registro Único de Víctimas (RUV)",
  year         = 2025,
  url          = "https://www.unidadvictimas.gov.co/registro-unico-de-victimas-ruv/",
  urldate      = "2025-02-28"
}

@misc{ eswiki:165573820,
       author = "Wikipedia",
       title = "Bogotá --- Wikipedia{,} La enciclopedia libre",
       year = "2025",
       url = "https://es.wikipedia.org/w/index.php?title=Bogot%C3%A1&oldid=165573820",
       note = "[Internet; descargado 21-febrero-2025]"
}

@misc{ eswiki:165709323,
       author = "Wikipedia",
       title = "Demografía de Colombia --- Wikipedia{,} La enciclopedia libre",
       year = "2025",
       url = "https://es.wikipedia.org/w/index.php?title=Demograf%C3%ADa_de_Colombia&oldid=165709323",
       note = "[Internet; descargado 26-febrero-2025]"
}

@online{infobae,
  author       = "{Infobae}",
  title        = "127 familias desplazadas por el conflicto retornan a sus territorios",
  year         = 2025,
  url          = "https://www.infobae.com/colombia/2024/06/06/127-familias-desplazadas-por-el-conflicto-retornan-a-sus-territorios/",
  urldate      = "2025-02-28"
}

@article{renteria2023dinamica,
  title={Din{\'a}mica migratoria en Risaralda, Colombia: modelo basado en agentes},
  author={Renter{\'\i}a Ramos, Rafael Ricardo and Vitale Alfonso, Alicia Mar{\'\i}a},
  journal={Estudios demogr{\'a}ficos y urbanos},
  volume={38},
  number={2},
  pages={415--460},
  year={2023},
  publisher={El Colegio de M{\'e}xico AC}
}

@article{gutierrez2012teoria,
  title={Teor{\'\i}a de la Migraci{\'o}n Colectiva como Explicaci{\'o}n al Desplazamiento Forzado en Colombia (Collective Migration Theory as an Explanation of the Forced Displacement by Conflict in Colombia)},
  author={Guti{\'e}rrez Bedoya, Diego Felipe},
  journal={Econografos Escuela de Econom{\'\i}a No},
  year={2012}
}
