@phdthesis{suleimenova2020predicting,
  title={Predicting forced displacement using a generalised and automated agent-based simulation},
  author={Suleimenova, Diana},
  year=2020,
  school={Brunel University London}
}

@inproceedings{hebert2017agent,
  title={An agent-based model to identify migration pathways of refugees: the case of Syria},
  author={H{\'e}bert, Guillaume Arnoux and Perez, Liliana and Harati, Saeed},
  booktitle={Agent-Based Models and Complexity Science in the Age of Geospatial Big Data: Selected Papers from a workshop on Agent-Based Models and Complexity Science (GIScience 2016)},
  pages={45--58},
  year={2017},
  organization={Springer}
}

@article{Gutierrez2012,
  title={Teoría de la Migración Colectiva como Explicación al Desplazamiento Forzado en Colombia},
  author={Gutiérrez, Diego},
  year={2012},
  journal={Econografos Escuela de Economía No. 16},
  doi={10.2139/ssrn.2194565},
  url={https://ssrn.com/abstract=2194565}
}

@mastersthesis{tovar2023modelacion,
  title={Modelaci{\'o}n del problema del empleo y desempleo en el {\'a}mbito rural, involucrando din{\'a}mica de sistemas y la integraci{\'o}n con simulaci{\'o}n basada en agentes},
  author={Tovar, Paola Andrea Tovar},
  year={2023},
  school={Universidad Distrital Francisco Jos{\'e} de Caldas (Colombia)}
}

@article{santacoloma2015importancia,
  title={Importancia de la econom{\'\i}a campesina en los contextos contempor{\'a}neos: una mirada al caso colombiano},
  author={Santacoloma-Var{\'o}n, Luz Elena},
  journal={Entramado},
  volume={11},
  number={2},
  pages={38--50},
  year={2015},
  publisher={Universidad Libre, Cali, Colombia}
}

@article{perez2016impacto,
  title={Impacto econ{\'o}mico de la violencia armada sobre la producci{\'o}n campesina, caso municipios zona de distensi{\'o}n departamento del Meta, Colombia (1991-2014)},
  author={P{\'e}rez, Camilo Pacheco},
  journal={Lebret},
  number={8},
  pages={93--123},
  year={2016},
  publisher={Universidad Santo Tom{\'a}s Bucaramanga}
}

@article{ruiz2011desplazamiento,
  title={El desplazamiento forzado en Colombia: una revisi{\'o}n hist{\'o}rica y demogr{\'a}fica},
  author={Ruiz, Nubia Yaneth},
  journal={Estudios demogr{\'a}ficos y urbanos},
  volume={26},
  number={1},
  pages={141--177},
  year={2011},
  publisher={El Colegio de M{\'e}xico AC}
}

@article{bello2003desplazamiento,
  title={El desplazamiento forzado en Colombia: acumulaci{\'o}n de capital y exclusi{\'o}n social},
  author={Bello, Martha},
  year={2003},
  publisher={Universidad Andina Sim{\'o}n Bol{\'\i}var, Sede Ecuador; Programa Andino de Derechos~…}
}

@article{villa2006desplazamiento,
  title={Desplazamiento forzado en Colombia. El miedo: un eje transversal del {\'e}xodo y de la lucha por la ciudadan{\'\i}a},
  author={Villa, Marta In{\'e}s},
  journal={Revista controversia},
  number={187},
  pages={12--45},
  year={2006}
}

@online{unidadvictimas_ruv_2025,
  author       = "{Unidad para las Víctimas}",
  title        = "Registro Único de Víctimas (RUV)",
  year         = 2025,
  url          = "https://www.unidadvictimas.gov.co/registro-unico-de-victimas-ruv/",
  urldate      = "2025-02-28"
}

@misc{ eswiki:165709323,
       author = "Wikipedia",
       title = "Demografía de Colombia --- Wikipedia{,} La enciclopedia libre",
       year = "2025",
       url = "https://es.wikipedia.org/w/index.php?title=Demograf%C3%ADa_de_Colombia&oldid=165709323",
       note = "[Internet; descargado 26-febrero-2025]"
}

@misc{ eswiki:165573820,
       author = "Wikipedia",
       title = "Bogotá --- Wikipedia{,} La enciclopedia libre",
       year = "2025",
       url = "https://es.wikipedia.org/w/index.php?title=Bogot%C3%A1&oldid=165573820",
       note = "[Internet; descargado 21-febrero-2025]"
}

@article{solano2020determinantes,
  title={Determinantes del desplazamiento forzado en el departamento del Meta},
  author={Solano Gonzalez, Hector Alexander and Medina Garcia, Pawerd Mauricio},
  year={2020},
  publisher={Universidad de Manizales}
}

@misc{wilensky1999netlogo,
  author       = {Wilensky, Uri},
  title        = {NetLogo},
  year         = {1999},
  url          = {https://ccl.northwestern.edu/netlogo/},
  note         = {Center for Connected Learning and Computer-Based Modeling, Northwestern University, Evanston, IL},
}

@misc{EVA2020,
  author    = "{Departamento Nacional de Planeación de Colombia}",
  title     = "{Evaluación de Valoración Ambiental (EVA) 2020}",
  year      = {2020},
  url       = {https://devx.meta.gov.co/media/centrodocumentacion/2022/05/16/EVA_2020.pdf}
}

@misc{wilensky2011simpleeconomy,
  author       = {Wilensky, Uri},
  title        = {NetLogo Simple Economy model},
  year         = {2011},
  howpublished = {\url{http://ccl.northwestern.edu/netlogo/models/SimpleEconomy}},
  note         = {Center for Connected Learning and Computer-Based Modeling, Northwestern Institute on Complex Systems, Northwestern University, Evanston, IL}
}
