@phdthesis{suleimenova2020predicting,
  title={Predicting forced displacement using a generalised and automated agent-based simulation},
  author={Suleimenova, Diana},
  year=2020,
  school={Brunel University London}
}

@inproceedings{hebert2017agent,
  title={An agent-based model to identify migration pathways of refugees: the case of Syria},
  author={H{\'e}bert, Guillaume Arnoux and Perez, Liliana and Harati, Saeed},
  booktitle={Agent-Based Models and Complexity Science in the Age of Geospatial Big Data: Selected Papers from a workshop on Agent-Based Models and Complexity Science (GIScience 2016)},
  pages={45--58},
  year={2017},
  organization={Springer}
}

@article{Gutierrez2012,
  title={Teoría de la Migración Colectiva como Explicación al Desplazamiento Forzado en Colombia},
  author={Gutiérrez, Diego},
  year={2012},
  journal={Econografos Escuela de Economía No. 16},
  doi={10.2139/ssrn.2194565},
  url={https://ssrn.com/abstract=2194565}
}

@mastersthesis{tovar2023modelacion,
  title={Modelaci{\'o}n del problema del empleo y desempleo en el {\'a}mbito rural, involucrando din{\'a}mica de sistemas y la integraci{\'o}n con simulaci{\'o}n basada en agentes},
  author={Tovar, Paola Andrea Tovar},
  year={2023},
  school={Universidad Distrital Francisco Jos{\'e} de Caldas (Colombia)}
}

@article{santacoloma2015importancia,
  title={Importancia de la econom{\'\i}a campesina en los contextos contempor{\'a}neos: una mirada al caso colombiano},
  author={Santacoloma-Var{\'o}n, Luz Elena},
  journal={Entramado},
  volume={11},
  number={2},
  pages={38--50},
  year={2015},
  publisher={Universidad Libre, Cali, Colombia}
}

@article{perez2016impacto,
  title={Impacto econ{\'o}mico de la violencia armada sobre la producci{\'o}n campesina, caso municipios zona de distensi{\'o}n departamento del Meta, Colombia (1991-2014)},
  author={P{\'e}rez, Camilo Pacheco},
  journal={Lebret},
  number={8},
  pages={93--123},
  year={2016},
  publisher={Universidad Santo Tom{\'a}s Bucaramanga}
}
